@book{aristotle-33,
  title = {Aristotle in 23 Volumes},
  author = {{Aristotle}},
  translator = {Tredennick, Hugh},
  date = {1933},
  volume = {17, 18},
  publisher = {Harvard University Press; William Heinemann Ltd.},
  location = {Cambridge, MA; London}
}

@incollection{capps-23,
  title = {The Pragmatic Theory of Truth},
  booktitle = {The {{Stanford}} Encyclopedia of Philosophy},
  author = {Capps, John},
  editor = {Zalta, Edward N. and Nodelman, Uri},
  date = {2023},
  edition = {Summer 2023},
  publisher = {Metaphysics Research Lab, Stanford University},
  url = {https://plato.stanford.edu/archives/sum2023/entries/truth-pragmatic/}
}

@incollection{david-22,
  title = {The Correspondence Theory of Truth},
  booktitle = {The {{Stanford}} Encyclopedia of Philosophy},
  author = {David, Marian},
  editor = {Zalta, Edward N.},
  date = {2022},
  edition = {Summer 2022},
  publisher = {Metaphysics Research Lab, Stanford University},
  url = {https://plato.stanford.edu/archives/sum2022/entries/truth-correspondence/}
}

@incollection{frank-07,
  title = {Ein Vorschlag zur Konfiguration von Forschungsmethoden in der Wirtschaftsinformatik},
  booktitle = {Wissenschaftstheoretische Fundierung und wissenschaftliche Orientierung der Wirtschaftsinformatik},
  author = {Frank, Ulrich},
  editor = {Lehner, Franz and Zelewski, Stephan},
  date = {2007},
  pages = {155--184},
  publisher = {GITO},
  location = {Berlin},
  isbn = {978-3-940019-00-4},
  langid = {german},
  file = {/Users/sven/Library/CloudStorage/OneDrive-Persönlich/Bildung/Uni Hagen/Archiv/WS 21_22/Seminar/Literatur/Frank, 2007 - Vorschlag-zur-Konfiguration-von-Forschungsmethoden.pdf}
}

@article{gettier-63,
  title = {Is Justified True Belief Knowledge?},
  author = {Gettier, Edmund},
  date = {1963},
  journaltitle = {Analysis},
  volume = {23},
  number = {6},
  pages = {121--123},
  publisher = {Springer},
  doi = {10.1093/analys/23.6.121},
  file = {/Users/sven/Zotero/storage/KL3TUBU7/Gettier - 1963 - Is justified true belief knowledge.pdf}
}

@book{hegel-64,
  title = {Phänomenologie Des {{Geistes}}},
  author = {Hegel, G. W. F.},
  editor = {Hoffmeister, Johannes},
  date = {1964},
  publisher = {De Gruyter},
  location = {Berlin, Boston},
  doi = {doi:10.1515/9783112531006},
  isbn = {978-3-11-253100-6},
  file = {/Users/sven/Zotero/storage/AMDRX4TZ/Hegel - 1964 - Phänomenologie des geistes.pdf}
}

@book{husserl-02,
  title = {Ideen Zu Einer Reinen {{Phänomenologie}} Und Phänomenologischen {{Philosophie}}},
  author = {Husserl, Edmund},
  date = {2002},
  publisher = {De Gruyter},
  location = {Berlin, Boston},
  doi = {doi:10.1515/9783110916096},
  isbn = {978-3-11-091609-6},
  file = {/Users/sven/Zotero/storage/TFT2TDIE/Husserl - 2002 - Ideen zu einer reinen Phänomenologie und phänomeno.pdf}
}

@book{kant-23,
  title = {Kritik Der Reinen {{Vernunft}}},
  author = {Kant, Immanuel},
  editor = {Erdmann, Benno},
  date = {1923},
  publisher = {De Gruyter},
  location = {Berlin, Boston},
  doi = {doi:10.1515/9783111496580},
  isbn = {978-3-11-149658-0},
  file = {/Users/sven/Zotero/storage/ZCTFCYZ2/Kant - 1923 - Kritik der reinen vernunft.pdf}
}

@book{ogden-23,
  title = {The {{Meaning}} of {{Meaning}}: {{A Study}} of the {{Influence}} of {{Language}} upon {{Thought}} and of the {{Science}} of {{Symbolism}}},
  author = {Ogden, C. K. and Richards, I. A.},
  date = {1923},
  edition = {1},
  publisher = {Harcourt, Brace \& World, Inc.},
  location = {New York},
  isbn = {0-15-658446-8},
  file = {/Users/sven/Zotero/storage/SZLBNAAA/Ogden und Richards - 1923 - The Meaning of Meaning A Study of the Influence o.pdf}
}

@article{putnam-73,
  title = {Meaning and {{Reference}}},
  author = {Putnam, Hilary},
  date = {1973-11-08},
  journaltitle = {The Journal of Philosophy},
  shortjournal = {The Journal of Philosophy},
  volume = {70},
  number = {19},
  pages = {699},
  issn = {0022362X},
  doi = {10.2307/2025079}
}

@incollection{putnam-75,
  title = {The {{Meaning}} of "{{Meaning}}"},
  booktitle = {Language, {{Mind}}, and {{Knowledge}}},
  author = {Putnam, Hilary},
  date = {1975},
  series = {Minnesota Studies in the Philosophy of Science},
  number = {7},
  pages = {131--193},
  publisher = {University of Minnesota Press},
  location = {Minneapolis},
  annotation = {Accepted: 2017-03-16T19:34:13Z},
  file = {/Users/sven/Zotero/storage/6XBPDBXZ/7-03_Putnam.pdf}
}

@book{schopenhauer-09,
  title = {Die Welt als Wille und Vorstellung},
  author = {Schopenhauer, Arthur},
  date = {2009-10},
  publisher = {Anaconda Verlag},
  location = {Köln, Germany},
  langid = {ngerman}
}

@incollection{sep-realism,
  title = {Realism},
  booktitle = {The {{Stanford}} Encyclopedia of Philosophy},
  author = {Miller, Alexander},
  editor = {Zalta, Edward N.},
  date = {2021},
  edition = {Winter 2021},
  publisher = {Metaphysics Research Lab, Stanford University},
  url = {https://plato.stanford.edu/archives/win2021/entries/realism/}
}

@book{williamson-02,
  title = {Knowledge and Its {{Limits}}},
  author = {Williamson, Timothy},
  date = {2002-10-10},
  publisher = {Oxford University Press},
  doi = {10.1093/019925656X.001.0001},
  abstract = {The book develops a conception of epistemology in which the notion of knowledge is explanatorily fundamental. It reverses the traditional programme of trying to analyse knowledge as a combination of truth, belief, and other factors, such as justification. Rather, belief is a state whose successful form is knowledge, and justification is on the basis of knowledge, which is acquainted with evidence. Knowing is as much a mental state as believing, but it is world‐involving because one can know only what is true; the book extends the externalist conception of mind from the contents of mental states to the attitudes to those contents. As with other mental states, one cannot always know whether one is in the state of knowing. It is argued that this is a special case of a much more general phenomenon; no non‐trivial conditions are such that one is always in a position to know that they obtain whenever they in fact do so. This result has disturbing implications for the nature of rationality, because one is not always in a position to know what it is rational to do. Traditional arguments for scepticism fail because they assume that one is always in a position to know what one's evidence is. The speech act of assertion is also governed by a norm of knowledge. A final chapter explores the limits on what can be known that are revealed by the so‐called paradox of knowability.},
  isbn = {978-0-19-925656-3}
}

@book{wittgenstein-33,
  title = {Tractatus Logico-Philosophicus},
  author = {Wittgenstein, Ludwig and Colombo, G. C. M. and Russell, Bertrand},
  editor = {Ogden, C. K.},
  date = {1933},
  publisher = {Harcourt, Brace},
  location = {New York,}
}

@book{wittgenstein-53,
  title = {Philosophical Investigations},
  author = {Wittgenstein, Ludwig},
  editor = {Anscombe, G. E. M.},
  date = {1953},
  publisher = {Wiley-Blackwell},
  location = {New York, NY, USA}
}

@incollection{zelewski-08a,
  title = {Theoretische {{Fundierung}} Der {{Wirtschaftsinformatik}}},
  booktitle = {Quo Vadis {{Wirtschaftsinformatik}}?},
  author = {Zelewski, Stephan},
  editor = {Jung, Reinhard and Myrach, Thomas},
  date = {2008},
  pages = {163--190},
  publisher = {Gabler},
  location = {Wiesbaden},
  doi = {10.1007/978-3-8349-9855-2_9},
  abstract = {Seit geraumer Zeit wird von mehreren führenden Fachvertretern der Wirtschaftsinformatik eine stärkere theoretische Fundierung ihrer Disziplin eingefordert; vgl. beispielsweise [LHM95, S. 10 u. 370 f.], [Pa01, S. 39], [Wy03, S. 386] und [Gr03, Kapitel 3] Aber auch von anderen Seiten wird dieses Postulat artikuliert. Dazu gehören zum einen besonders engagierte Nachwuchswissenschaftler, die eine zu starke Orientierung ihrer Disziplin an Verwertungsinteressen der Wirtschaftspraxis oder eine zu einseitige inhaltliche Ausrichtung von universitären Projekten an Aspekten der Drittmittelrelevanz beklagen. Zum anderen lassen sich auch einige kritische „Untertöne“ von Wissenschaftlern aus Nachbardisziplinen, wie etwa der Betriebswirtschaftslehre und der Informatik, nicht überhören, die suggerieren, es mangele der Wirtschaftsinformatik im Gegensatz zu „ausgereiften“ Wissenschaften an einer tragfähigen theoretischen Basis. Vor diesem Hintergrund sollte es nicht überraschen, dass es in der „scientific community“ der (deutschsprachigen) Wirtschaftsinformatik als eine Herausforderung empfunden wird, sich mit der theoretischen Fundierung ihrer Disziplin stärker als bisher auseinander zu setzen.},
  isbn = {978-3-8349-9855-2},
  langid = {english},
  file = {/Users/sven/Zotero/storage/USTZR2WK/Zelewski - 2008 - Theoretische Fundierung der Wirtschaftsinformatik.pdf}
}

@incollection{zelewski-08b,
  title = {Grundlagen},
  booktitle = {Betriebswirtschaftslehre},
  author = {Zelewski, Stephan},
  editor = {Corsten, Hans and Reiß, Michael},
  date = {1999},
  series = {Lehr- und Handbücher der Betriebswirtschaftslehre},
  edition = {3., vollständig überarbeitete und wesentlich erweiterte Auflage},
  pages = {1--125},
  publisher = {Oldenbourg},
  location = {München},
  isbn = {978-3-486-25066-4},
  langid = {ngerman},
  file = {/Users/sven/Zotero/storage/5NEP7EDE/Zelewski - 1999 - Grundlagen.pdf}
}
